<record xmlns="http://www.loc.gov/MARC21/slim" xmlns:xsi="http://www.w3.org/2001/XMLSchema-instance" xsi:schemaLocation="http://www.loc.gov/MARC21/slim http://www.loc.gov/standards/marcxml/schema/MARC21slim.xsd">

  <leader>00583nam a2200145Ia 4500</leader>
  <datafield tag="999" ind1=" " ind2=" ">
    <subfield code="c">1140</subfield>
    <subfield code="d">1140</subfield>
  </datafield>
  <controlfield tag="008">170307b1964    cr ||||| |||| 00| | spa d</controlfield>
  <datafield ind2=" " tag="090" ind1=" ">
    <subfield code="a">025.8 </subfield>
    <subfield code="b">C991t</subfield>
  </datafield>
  <datafield tag="100" ind1="1" ind2=" ">
    <subfield code="a">Cutter, Charles Ammi</subfield>
    <subfield code="9">2517</subfield>
  </datafield>
  <datafield tag="245" ind1="1" ind2="0">
    <subfield code="a">Tablas de notación interna: ampliadas y ordenadas de acuerdo con el alfabeto español por la Biblioteca de la Universidad de Costa Rica / </subfield>
    <subfield code="c">Cutter-Sanborn</subfield>
  </datafield>
  <datafield ind1=" " tag="260" ind2=" ">
    <subfield code="a">San José, C.R. : </subfield>
    <subfield code="b">Universidad de Costa Rica, Departamento de Publicaciones, </subfield>
    <subfield code="c">1964</subfield>
  </datafield>
  <datafield ind2=" " tag="300" ind1=" ">
    <subfield code="a">70 páginas</subfield>
  </datafield>
  <datafield ind2=" " ind1=" " tag="650">
    <subfield code="a">NOTACION INTERNA</subfield>
  </datafield>
  <datafield ind2=" " ind1="1" tag="700">
    <subfield code="9">2518</subfield>
    <subfield code="a">Jones, Kate Emery Sanborn</subfield>
  </datafield>
  <datafield ind1=" " tag="942" ind2=" ">
    <subfield code="2">z</subfield>
    <subfield code="c">01</subfield>
  </datafield>
</record>